

@article{wstarcat,
    Author = {Ghez, P. and Lima, R. and Roberts, J.E.},
    Title = {W$^*$-categories},
    Journal = {Pacific Journal of Mathematics},
    Volume = {120},
    Pages = {79--109},
    Year = {1985},
}

@misc{daglims,
author = {Heunen, Chris and Karvonen, Martti},
title = {Limits in dagger categories},
year = {2018},
note = {\href{https://arxiv.org/abs/1803.06651}{arXiv:1803.06651}},
}

@article{measureablecats,
author = {Yetter, David N.},
title = {Measurable Categories},
journal = {Appl. Categ. Structures},
volume = {13},
number = {5--6},
pages = {469--500},
year = {2005},
note = {\href{https://arxiv.org/abs/math/0309185}{arXiv:math/0309185}},
}
@article{westerbaan2016universal,
  title={A universal property for sequential measurement},
  author={Westerbaan, Abraham and Westerbaan, Bas},
  journal={Journal of Mathematical Physics},
  volume={57},
  number={9},
  pages={092203},
  year={2016},
  publisher={AIP Publishing}
}
