@book{halmosHilb,
  author = "Paul R. Halmos",
  title = "{Introduction to Hilbert Space and the Theory of Spectral Multiplicity}",
  publisher = "Chelsea Publishing Company",
  year = 1951
}

@article{dauns,
  title = "{Categorical $W^*$-Tensor Product}",
  author = {Dauns, John},
  journal = {Transactions of the American Mathematical Society},
  volume = {166},
  pages = {pp. 439-456},
  url = {http://www.jstor.org/stable/1996061},
  ISSN = {00029947},
  language = {English},
  year = {1972},
  publisher = {American Mathematical Society},
}

